@article{Sunny:MLiSE,
    author= {Neenu Ann Sunny},
    title= {Machine Learning in Search Engines},
    journal= {International Journal of Engineering Development and Research},
    volume= 8,
    issue= 2,
    year= {2020},
    pages= {155--161},
}

@techreport{DJR-Digitalization,
    author= {David Reinsel, John Gantz and John Rydning},
    title= {The Digitization of the World From Edge to Core},
    institution= {International Data Corporation},
    number= {US44413318},
    year= {2018},
    month= {November},
}

@inproceedings{SEReleC,
author= {Raval, Vishwas and Kumar, Padam},
year= {2012},
month= {01},
pages= {627-631},
title= {SEReleC (Search Engine Result Refinement and Classification) - A Meta search engine based on combinatorial search and search keyword based link classification},
isbn= {978-1-4673-0213-5}
}

@article{WebCrawler,
    author= {Md. Abu Kausar, V. S. Dhaka and Sanjeev Kumar Singh},
    title= {Web Crawler: A Review},
    journal= {International Journal of Computer Applications},
    volume= {63},
    number= {2},
    pages= {31--36},
    year= {2013},
    month= {February},
}

@article{TK-SE,
    author= {Mr.K. Tarakeswar, Ms. D. Kavitha},
    title= {Search Engines:A Study},
    journal= {Journal of Computer Applications (JCA)},
    volume= {IV},
    issue= 1,
    pages= {29--33},
    year= {2011},
}

@article{QGKL-ML,
    author= {Qifang Bi, Katherine E. Goodman, Joshua Kaminsky and Justin Lessler},
    title= {What is Machine Learning? A Primer for the Epidemiologist},
    journal= {American Journal of Epidemiology},
    volume= {188},
     number= {12}, 
    pages= {2222--2239},
    year= {2019},
}

@article{zou2009overview,
  title= {Overview of artificial neural networks},
  author= {Zou, Jinming and Han, Yi and So, Sung-Sau},
  journal= {Artificial neural networks: methods and applications},
  pages= {14--22},
  year= {2009},
  publisher= {Springer},
}

@article{History,
    author= {Tom Seymour, Dean Frantsvog and Satheesh Kuma},
    title= {History Of Search Engines},
    journal= {International Journal of Management and Information Systems},
    volume= {15},
     number= {4}, 
    pages= {47--58},
    year= {2011},
}

@article{rogers2002google,
  title= {The Google Pagerank algorithm and how it works},
  author= {Rogers, Ian},
  year= {2002}
}

@techreport{Google2021,
    title     = {Google Environmental Report 2021},
    institution = {Google},
    year      = {2021},
    month    = {December},
}

@article{FootprintofAI,
    author= {Alex de Vries},
    title= {The growing energy footprint of artificial intelligence},
    journal= {Joule},
    volume= {7},
    issue = {10}, 
    pages= {2191--2194},
    year= {2023},
}

@article{SPINK20061379,
title = {A study of results overlap and uniqueness among major Web search engines},
journal = {Information Processing and Management},
volume = {42},
number = {5},
pages = {1379-1391},
year = {2006},
issn = {0306-4573},
author = {Amanda Spink and Bernard J. Jansen and Chris Blakely and Sherry Koshman},
}